@misc {ImagesExcluded,
	author = {Kaggle},
	title = {Images that can be excluded while training your network},
	howpublished = {\url{https://www.kaggle.com/c/intel-mobileodt-cervical-cancer-screening/discussion/34051}},
	note = {Accessed: 2017-06-14}
}

@misc {StartKernel,
	author = {Kaggle},
	title = {start},
	howpublished = {\url{https://www.kaggle.com/akilaw/start}},
	note = {Accessed: 2017-06-14}
}

@misc {KerasApplications,
	author = {Keras},
	title = {Applications},
	howpublished = {\url{https://keras.io/applications/}},
	note = {Accessed: 2017-06-14}
}

