@misc {TrevorStephensTutorial,
	author = {Trevor Stephens},
	title = {Getting Started With R},
	howpublished = {\url{http://trevorstephens.com/kaggle-titanic-tutorial/getting-started-with-r/}},
	note = {Accessed: 2017-04-11}
}

@misc {KaggleTitanicData,
	author = {Kaggle},
	title = {Titanic Data},
	howpublished = {\url{https://www.kaggle.com/c/titanic/data}},
	note = {Accessed: 2017-04-11}
}